@conference{Likarish,
    author = "Peter Likarish and Eunjin (EJ) Jung and Insoon Jo",
    title = "Obfuscated Malicious Javascript Detection using Classification Techniques",
    booktitle = "2009 4th Int. Conf. on Malicious and Unwanted Software (MALWARE). ",
    pages = "47--54",
    numpages = "8",
    month = "October",
    year = "2009",
    publisher = "IEEE",
    address = "Montreal, QC, Canada",
    DOI = "10.1109/MALWARE.2009.5403020"
}

@conference{XuZhang,
    author = "Wei Xu and Fangfang Zhang and Sencun Zhu",
    title = "The power of obfuscation techniques in malicious JavaScript code: A measurement study",
    booktitle = "2012 7th Int. Conf. on Malicious and Unwanted Software",
    pages = "9--16",
    numpages = "8",
    month = "October",
    year = "2012",
    publisher = "IEEE",
    address = "Fajardo, PR, USA",
    DOI = "10.1109/MALWARE.2012.6461002"
}

@conference{Blanc,
    author = "Gregory Blanc and Daisuke Miyamoto and Mitsuaki Akiyama and Youki Kadobayashi",
    title = "{Characterizing Obfuscated JavaScript Using Abstract Syntax Trees: Experimenting with Malicious Scripts}",
    booktitle = "{2012 26th International Conference on Advanced Information Networking and Applications Workshops}",
    pages = "344--351",
    numpages = "8",
    month = "March",
    year = "2012",
    publisher = "IEEE",
    address = "Fukuoka, Japan",
    DOI = "10.1109/WAINA.2012.140"
}

@online{VirusTotal,
    key = {VirusTotal},
    year = 2019,
    url = "https://developers.virustotal.com/reference",
    lastaccessed = "December 1, 2019"
}

@online{Obfuscator,
    key = {javascript-obfuscator},
    year = 2019,
    url = "https://github.com/javascript-obfuscator/javascript-obfuscator",
    lastaccessed = "November, 2019"
}

@online{SyntaxChecker,
    key = {syntax-checker},
    year = 2019,
    url = "https://www.npmjs.com/package/syntax-error",
    lastaccessed = "November, 2019"
}

@online{MalwareRepo,
    author = "HynekPetrak",
    title = "javascript-malware-collection",
    year = 2016,
    url = "https://github.com/HynekPetrak/javascript-malware-collection",
    lastaccessed = "November, 2019"
}

@online{OurProjectRepo,
    author = "Nicholas Whitefield and Jorden Hansen",
    title = "Analysis Repository",
    year = 2019,
    url = "https://github.com/npwhite/cmput497-project"
}

@online{JavascriptIsPopular,
    author = "David Cassel",
    title = "{JavaScript Popularity Surpasses Java, PHP in the Stack Overflow Developer Survey}",
    year = 2016,
    url = "https://thenewstack.io/javascript-popularity-surpasses-java-php-stack-overflow-developer-survey/",
    lastaccessed = "December 6, 2019"
}

@techreport{Colberg,
    author = "Christian Collberg and Clark Thomborson and Douglas Low",
    institution = {Department of Computer Sciences, The University of  Auckland},
    month = "December",
    year = 1996,
    title = "A Taxonomy of Obfuscating Transformations",
    url = "https://www.researchgate.net/publication/37987523_A_Taxonomy_of_Obfuscating_Transformations"
}
